<?xml version="1.0" encoding="UTF-8"?><record xmlns="http://www.loc.gov/MARC21/slim" xmlns:cinclude="http://apache.org/cocoon/include/1.0" xmlns:zs="http://www.loc.gov/zing/srw/">
  <leader>00847cz  a2200193n  4500</leader>
  <controlfield tag="001">n  83221443 </controlfield>
  <controlfield tag="003">DLC</controlfield>
  <controlfield tag="005">20010301033402.0</controlfield>
  <controlfield tag="008">831122n| acannaabn          |a aaa      </controlfield>
  <datafield tag="010" ind1=" " ind2=" ">
    <subfield code="a">n  83221443 </subfield>
    <subfield code="z">n  97084436 </subfield>
  </datafield>
  <datafield tag="035" ind1=" " ind2=" ">
    <subfield code="a">(OCoLC)oca01028120</subfield>
  </datafield>
  <datafield tag="040" ind1=" " ind2=" ">
    <subfield code="a">DLC</subfield>
    <subfield code="b">eng</subfield>
    <subfield code="c">DLC</subfield>
    <subfield code="d">DLC</subfield>
    <subfield code="d">NjP</subfield>
    <subfield code="d">OCoLC</subfield>
    <subfield code="d">UPB</subfield>
  </datafield>
  <datafield tag="100" ind1="1" ind2=" ">
    <subfield code="a">Alejandre García, Juan Antonio</subfield>
  </datafield>
  <datafield tag="400" ind1="1" ind2=" ">
    <subfield code="a">García, Juan Antonio Alejandre</subfield>
  </datafield>
  <datafield tag="400" ind1="1" ind2=" ">
    <subfield code="a">Alejandre García, J. A.</subfield>
    <subfield code="q">(Juan Antonio)</subfield>
  </datafield>
  <datafield tag="400" ind1="1" ind2=" ">
    <subfield code="a">Alejandre, Juan Antonio</subfield>
  </datafield>
  <datafield tag="670" ind1=" " ind2=" ">
    <subfield code="a">Gacto Fernández, E. El derecho histórico de los pueblos de España, 1982 (a.e.)</subfield>
    <subfield code="b">t.p. (Juan Antonio Alejandre García) cover (J.A. Alejandre García)</subfield>
  </datafield>
  <datafield tag="670" ind1=" " ind2=" ">
    <subfield code="a">LC data base, 8-17-83</subfield>
    <subfield code="b">(hdg: Alejandre García, Juan Antonio)</subfield>
  </datafield>
  <datafield tag="670" ind1=" " ind2=" ">
    <subfield code="a">El veneno de Dios, 1994:</subfield>
    <subfield code="b">t.p. (Juan Antonio Alejandre) p. 4 of cover (Juan Antonio Alejandre García)</subfield>
  </datafield>
</record>